<record><leader>00000cas a2200000 a 4500</leader><controlfield tag="001">19036521</controlfield><controlfield tag="008">890119c19289999tnuwr ne      0    0eng d</controlfield><datafield ind1=" " ind2=" " tag="010"><subfield code="a">sn 89058078 </subfield></datafield><datafield ind1=" " ind2=" " tag="040"><subfield code="a">KNP</subfield><subfield code="b">eng</subfield><subfield code="c">KNP</subfield><subfield code="d">TGN</subfield><subfield code="d">OCL</subfield><subfield code="d">OCLCQ</subfield><subfield code="d">OCLCF</subfield><subfield code="d">OCLCO</subfield></datafield><datafield ind1=" " ind2=" " tag="042"><subfield code="a">msc</subfield></datafield><datafield ind1=" " ind2=" " tag="043"><subfield code="a">n-us-tn</subfield></datafield><datafield ind1="0" ind2="4" tag="245"><subfield code="a">The Erwin record.</subfield></datafield><datafield ind1="1" ind2=" " tag="246"><subfield code="i">Title appears as:</subfield><subfield code="a">Erwin record (combined with Unicoi County progress)</subfield><subfield code="f">Apr. 5, 1929-&lt;July 29, 1943&gt;</subfield></datafield><datafield ind1="1" ind2="3" tag="246"><subfield code="a">Erwin record combined with the Unicoi County progress</subfield><subfield code="f">Apr. 5, 1929-Apr. 12,1945</subfield></datafield><datafield ind1=" " ind2=" " tag="260"><subfield code="a">Erwin, Tenn. :</subfield><subfield code="b">Record Pub. Co.,</subfield><subfield code="c">1928-</subfield></datafield><datafield ind1=" " ind2=" " tag="300"><subfield code="a">v. :</subfield><subfield code="b">ill.</subfield></datafield><datafield ind1=" " ind2=" " tag="310"><subfield code="a">Weekly,</subfield><subfield code="b">&lt;May 20, 1937&gt;-</subfield></datafield><datafield ind1=" " ind2=" " tag="321"><subfield code="a">Weekly,</subfield><subfield code="b">Jan. 27, 1928-Sept. 11, 1935</subfield></datafield><datafield ind1=" " ind2=" " tag="321"><subfield code="a">Daily (except Sat.),</subfield><subfield code="b">&lt;Sept. 17, 1935-May 12, 1937&gt;</subfield></datafield><datafield ind1="0" ind2=" " tag="362"><subfield code="a">Vol. 1, no. 12 (Jan. 27, 1928)-</subfield></datafield><datafield ind1=" " ind2=" " tag="580"><subfield code="a">"Successor to the Industrial record, formerly published for Spruce Pine, N.C."</subfield></datafield><datafield ind1=" " ind2="0" tag="651"><subfield code="a">Erwin (Tenn.)</subfield><subfield code="v">Newspapers.</subfield></datafield><datafield ind1=" " ind2="0" tag="651"><subfield code="a">Unicoi County (Tenn.)</subfield><subfield code="v">Newspapers.</subfield></datafield><datafield ind1=" " ind2="7" tag="655"><subfield code="a">Newspapers.</subfield><subfield code="2">fast</subfield><subfield code="0">(OCoLC)fst01423814</subfield></datafield><datafield ind1=" " ind2="7" tag="651"><subfield code="a">Tennessee</subfield><subfield code="z">Erwin.</subfield><subfield code="2">fast</subfield><subfield code="0">(OCoLC)fst01215695</subfield></datafield><datafield ind1=" " ind2="7" tag="651"><subfield code="a">Tennessee</subfield><subfield code="z">Unicoi County.</subfield><subfield code="2">fast</subfield><subfield code="0">(OCoLC)fst01215697</subfield></datafield><datafield ind1=" " ind2=" " tag="752"><subfield code="a">United States</subfield><subfield code="b">Tennessee</subfield><subfield code="c">Unicoi</subfield><subfield code="d">Erwin.</subfield></datafield><datafield ind1="1" ind2="0" tag="780"><subfield code="t">Industrial record (Spruce Pine, N.C.)</subfield></datafield><datafield ind1="0" ind2="5" tag="780"><subfield code="t">Unicoi County progress</subfield><subfield code="g">Apr. 5, 1929</subfield><subfield code="w">(DLC)sn 89058079</subfield></datafield></record>